

,-------------------.
|     PREAMBLE      |
`-------------------'

@preamble{ "\providecommand{\noopsort}[1]{}
           \providecommand{\singleletter}[1]{#1} "
}

,-------------------.
|  BIBTEX ENTRIES   |
`-------------------'

@article{merton:restat,
  author =        {Merton, Robert C.},
  journal =       {Review of Economics and Statistics},
  pages =         {247--257},
  title =         {Lifetime Portfolio Selection under Uncertainty: The
                   Continuous Time Case},
  volume =        {51},
  year =          {1969},
}

@article{samuelson:portfolio,
  author =        {Samuelson, Paul A.},
  journal =       {Review of Economics and Statistics},
  pages =         {239--46},
  title =         {Lifetime Portfolio Selection by Dynamic Stochastic
                   Programming},
  volume =        {51},
  year =          {1969},
}

@article{aclvJoy,
  author =        {Ameriks, John and Caplin, Andrew and Laufer, Steven and
                   Van Nieuwerburgh, Stijn},
  journal =       {The Journal of Finance},
  number =        {2},
  pages =         {519--561},
  publisher =     {Wiley Online Library},
  title =         {The Joy Of Giving Or Assisted Living? Using Strategic
                   Surveys To Separate Public Care Aversion From Bequest
                   Motives},
  volume =        {66},
  year =          {2011},
}

@article{SolvingMicroDSOPs,
  author =        {Carroll, Christopher D.},
  journal =       {Econ-ARK REMARK},
  title =         {Solving Microeconomic Dynamic Stochastic Optimization
                   Problems},
  year =          {2023},
  url =           {https://llorracc.github.io/SolvingMicroDSOPs},
}

@article{samuelson1979we,
  author =        {Samuelson, Paul A},
  journal =       {Journal of Banking and Finance},
  number =        {4},
  pages =         {305--307},
  publisher =     {Elsevier},
  title =         {Why we should not make mean log of wealth big though
                   years to act are long},
  volume =        {3},
  year =          {1979},
  doi =           {http://dx.doi.org/10.1016/0378-4266(79)90023-2},
}

@book{cvAppendix,
  author =        {Campbell, John Y. and Viceira, Luis M.},
  note =
  {\href{https://scholar.harvard.edu/files/campbell/files/bookapp.pdf}{https://scholar.harvard.edu/files/campbell/files/bookapp.pdf}},
  publisher =     {Oxford University Press, USA},
  title =         {Appendix to `Strategic Asset Allocation: Portfolio
                   Choice for Long-Term Investors'},
  year =          {2002},
  isbn =          {0198296940},
  url =           {https://scholar.harvard.edu/files/campbell/files/
                  bookapp.pdf},
}

@article{mehraPrescottPuzzle,
  author =        {Mehra, Rajnish and Prescott, Edward C.},
  journal =       {Journal of Monetary Economics},
  pages =         {145-61},
  title =         {The Equity Premium: A Puzzle},
  volume =        {15},
  year =          {1985},
  url =           {http://ideas.repec.org/a/eee/moneco/v15y1985i2p145-
                  161.html},
}

@article{haliassos&bertaut:fewholdstocks,
  author =        {Haliassos, Michael and Bertaut, Carol},
  journal =       {The Economic Journal},
  pages =         {1110--1129},
  title =         {Why Do So Few Hold Stocks?},
  volume =        {105},
  year =          {1995},
}

